@book{hat:at,
    author = "A. Hatcher",
    title  = "Algebraic Topology",
    date   = 2001}
